<record><leader>00000cas a2200000 a 4500</leader><controlfield tag="001">58796518</controlfield><controlfield tag="007">hd afa012bacp</controlfield><controlfield tag="007">hd bfa012baap</controlfield><controlfield tag="007">hd bfa012babp</controlfield><controlfield tag="008">050404d18761876pauwr nea     0    0eng c</controlfield><datafield ind1=" " ind2=" " tag="010"><subfield code="a">  2005221235</subfield></datafield><datafield ind1=" " ind2=" " tag="040"><subfield code="a">ATL</subfield><subfield code="b">eng</subfield><subfield code="c">ATL</subfield><subfield code="d">OCL</subfield><subfield code="d">ATL</subfield><subfield code="d">OCLCQ</subfield><subfield code="d">OCLCF</subfield><subfield code="d">OCLCO</subfield></datafield><datafield ind1="1" ind2=" " tag="029"><subfield code="a">AU@</subfield><subfield code="b">000026867961</subfield></datafield><datafield ind1=" " ind2=" " tag="042"><subfield code="a">pcc</subfield></datafield><datafield ind1="1" ind2="4" tag="050"><subfield code="a">BX7801</subfield></datafield><datafield ind1="0" ind2=" " tag="130"><subfield code="a">Primitive Christian (Meyersdale, Pa.)</subfield></datafield><datafield ind1="1" ind2="0" tag="245"><subfield code="a">Primitive Christian</subfield><subfield code="h">[microform].</subfield></datafield><datafield ind1=" " ind2=" " tag="260"><subfield code="a">Meyersdale, Pa. :</subfield><subfield code="b">James Quinter,</subfield><subfield code="c">1876.</subfield></datafield><datafield ind1=" " ind2=" " tag="300"><subfield code="a">1 v. ;</subfield><subfield code="c">30 cm.</subfield></datafield><datafield ind1=" " ind2=" " tag="310"><subfield code="a">Weekly</subfield></datafield><datafield ind1="0" ind2=" " tag="362"><subfield code="a">Vol. 1, no. 1 (Jan. 4, 1876)-v. 1, no. 50 (Dec. 12, 1876).</subfield></datafield><datafield ind1=" " ind2=" " tag="500"><subfield code="a">Title from caption.</subfield></datafield><datafield ind1=" " ind2=" " tag="500"><subfield code="a">Published in Huntingdon, Pa., Oct. 31-Dec. 12, 1876.</subfield></datafield><datafield ind1=" " ind2=" " tag="500"><subfield code="a">Editor: James Quinter.</subfield></datafield><datafield ind1=" " ind2=" " tag="580"><subfield code="a">Merged with: Pilgrim (Huntingdon, Pa.), to form: Primitive Christian and the pilgrim.</subfield></datafield><datafield ind1=" " ind2=" " tag="533"><subfield code="a">Microfilm.</subfield><subfield code="m">v.1 (1876)</subfield><subfield code="b">Chicago, Ill. :</subfield><subfield code="c">American Theological Library Association,</subfield><subfield code="d">2005.</subfield><subfield code="e">1 microfilm reel ; 35 mm.</subfield><subfield code="f">(ATLA serials preservation program ; ATLA film S1068).</subfield></datafield><datafield ind1="2" ind2="0" tag="610"><subfield code="a">German Baptist Brethren (U.S.)</subfield><subfield code="v">Periodicals.</subfield></datafield><datafield ind1=" " ind2="0" tag="650"><subfield code="a">Christianity</subfield><subfield code="v">Periodicals.</subfield></datafield><datafield ind1=" " ind2="7" tag="655"><subfield code="a">Periodicals.</subfield><subfield code="2">fast</subfield><subfield code="0">(OCoLC)fst01411641</subfield></datafield><datafield ind1="2" ind2="7" tag="610"><subfield code="a">German Baptist Brethren (U.S.)</subfield><subfield code="2">fast</subfield><subfield code="0">(OCoLC)fst00655463</subfield></datafield><datafield ind1=" " ind2="7" tag="650"><subfield code="a">Christianity.</subfield><subfield code="2">fast</subfield><subfield code="0">(OCoLC)fst00859599</subfield></datafield><datafield ind1="1" ind2=" " tag="700"><subfield code="a">Quinter, James,</subfield><subfield code="d">1816-1888.</subfield></datafield><datafield ind1=" " ind2=" " tag="752"><subfield code="a">United States</subfield><subfield code="b">Pennsylvania</subfield><subfield code="c">Somerset</subfield><subfield code="d">Meyersdale.</subfield></datafield><datafield ind1=" " ind2=" " tag="752"><subfield code="a">United States</subfield><subfield code="b">Pennsylvania</subfield><subfield code="c">Huntingdon</subfield><subfield code="d">Huntingdon.</subfield></datafield><datafield ind1="1" ind2=" " tag="776"><subfield code="c">Original</subfield><subfield code="w">(DLC)sn 86081966</subfield><subfield code="w">(OCoLC)14711944</subfield></datafield><datafield ind1="0" ind2="0" tag="780"><subfield code="t">Christian family companion and Gospel visitor</subfield><subfield code="w">(DLC)  2005221239</subfield><subfield code="w">(OCoLC)58797229</subfield></datafield><datafield ind1="1" ind2="7" tag="785"><subfield code="t">Pilgrim (Huntingdon, Pa.)</subfield><subfield code="w">(DLC)  2005221234</subfield><subfield code="w">(OCoLC)58796336</subfield></datafield><datafield ind1="1" ind2="7" tag="785"><subfield code="t">Primitive Christian and the pilgrim</subfield><subfield code="w">(DLC)  2005221236</subfield><subfield code="w">(OCoLC)58796678</subfield></datafield><datafield ind1=" " ind2="0" tag="830"><subfield code="a">ATLA serials preservation program ;</subfield><subfield code="v">ATLA film S1068.</subfield></datafield></record>